@inproceedings{Haeberli2013,
  title        = {Glacial Responses to Climate Change},
  author       = {W Haeberli and C Huggel and F Paul and M Zemp},
  booktitle    = {Treatise on Geomorphology, Eds John F. Shroder},
  pages        = {153-171},
  year         = {2013},
  organization = {}
}

@article{Davies2021,
  title   = {Geomorphology and Natural Hazards: Understanding Landscape Change for Disaster Mitigation},
  author  = {Timothy R. Davies and Oliver Korup and John J. Clague},
  journal = {American Geophysical Union},
  doi     = {},
  volume  = {},
  number  = {},
  pages   = {576},
  year    = {2021}
}

@article{Kritikos2013,
  title   = {Geomorphic Hazard Analyses in Tectonically-Active Mountains:
Application to the Western Southern Alps, New Zealand},
  author  = {Theodosios Kritikos},
  journal = {PhD thesis, University of Canterbury},
  doi     = {},
  volume  = {},
  number  = {},
  pages   = {302},
  year    = {2013}
}

@article{Irasema2002,
  title   = {Geomorphology, natural hazards, vulnerability and preventionof natural disasters in developing countries},
  author  = {Irasema Alcántara-Ayala},
  journal = {Geomorphology},
  doi     = {},
  volume  = {47},
  number  = {},
  pages   = {107-124},
  year    = {2002}
}

@article{Irasema2002,
  title   = {Geomorphology, natural hazards, vulnerability and preventionof natural disasters in developing countries},
  author  = {Irasema Alcántara-Ayala},
  journal = {Geomorphology},
  doi     = {},
  volume  = {47},
  number  = {},
  pages   = {107-124},
  year    = {2002}
}

@article{Wobus2006,
  title={Tectonics from topography: Procedures, promise, and pitfalls},
  author={Cameron W. Wobus and Kelin X. Whipple and Eric Kirby and Noah P. Snyder and Joel P. L. Johnson and Katerina Spyropolou and Benjamin T. Crosby and Daniel D Sheehan},
  year={2006},
  journal={Special Paper of the Geological Society of America 398, Tectonics, Climate, and Landscape Evolution, Sean D. Willett, Niels Hovius, Mark T. Brandon, Donald M. Fisher},
  doi={https://doi.org/10.1130/2006.2398(04)}
}

@article{Whittaker2012,
    author = {Whittaker, Alexander C.},
    title = {How do landscapes record tectonics and climate?},
    journal = {Lithosphere},
    volume = {4},
    number = {2},
    pages = {160-164},
    year = {2012},
    month = {04},
    issn = {1941-8264},
    doi = {10.1130/RF.L003.1},
    url = {https://doi.org/10.1130/RF.L003.1},
    eprint = {https://pubs.geoscienceworld.org/gsa/lithosphere/article-pdf/4/2/160/3050354/160.pdf},
}

@article{Whipple2004,
  title={Bedrock rivers and the geomorphology of active orogens},
  author={Kelin X Whipple},
  journal={Annu. Rev. Earth Planet. Sci.},
  volume={32},
  pages={151--185},
  year={2004},
  publisher={Annual Reviews}
}

@article{Mudd2014,
  title={A statistical framework to quantify spatial variation in channel gradients using the integral method of channel profile analysis},
  author={Mudd, Simon M and Attal, Mika{\"e}l and Milodowski, David T and Grieve, Stuart WD and Valters, Declan A},
  journal={Journal of Geophysical Research: Earth Surface},
  volume={119},
  number={2},
  pages={138--152},
  year={2014},
  publisher={Wiley Online Library}
}

@article{Perron2013,
  title={An integral approach to bedrock river profile analysis},
  author={Perron, J Taylor and Royden, Leigh},
  journal={Earth surface processes and landforms},
  volume={38},
  number={6},
  pages={570--576},
  year={2013},
  publisher={Wiley Online Library}
}

@article{Howard1983,
  title={Channel changes in badlands},
  author={Howard, Alan D and Kerby, Gordon},
  journal={Geological Society of America Bulletin},
  volume={94},
  number={6},
  pages={739--752},
  year={1983},
  publisher={Geological Society of America}
}

@article{howard1994,
  title={A detachment-limited model of drainage basin evolution},
  author={Howard, Alan D},
  journal={Water resources research},
  volume={30},
  number={7},
  pages={2261--2285},
  year={1994},
  publisher={Wiley Online Library}
}

@article{stock1999,
  title={Geologic constraints on bedrock river incision using the stream power law},
  author={Stock, Jonathan D and Montgomery, David R },
  journal={Journal of Geophysical Research: Solid Earth},
  volume={104},
  number={B3},
  pages={4983--4993},
  year={1999},
  publisher={Wiley Online Library}
}

@article{burbank1996,
  title={Bedrock incision, rock uplift and threshold hillslopes in the northwestern Himalayas},
  author={Burbank, Douglas W and Leland, John and Fielding, Eric and Anderson, Robert S and Brozovic, Nicholas and Reid, Mary R and Duncan, Christopher},
  journal={Nature},
  volume={379},
  number={6565},
  pages={505--510},
  year={1996},
  publisher={Nature Publishing Group UK London}
}

@article{Whipple1999,
  title={Dynamics of the stream-power river incision model: Implications for height limits of mountain ranges, landscape response timescales, and research needs},
  author={Kelin X Whipple  and   Gregory E Tucker},
  journal={Journal of Geophysical Research: Solid Earth},
  volume={104},
  number={B8},
  pages={17661--17674},
  year={1999},
  publisher={Wiley Online Library}
}

@article{whipple2017,
  title={Timescales of landscape response to divide migration and drainage capture: Implications for the role of divide mobility in landscape evolution},
  author={ Kelin X Whipple  and Forte, AM and DiBiase, RA and Gasparini, NM and Ouimet, WB},
  journal={Journal of Geophysical Research: Earth Surface},
  volume={122},
  number={1},
  pages={248--273},
  year={2017},
  publisher={Wiley Online Library}
}

@article{stock2003,
  title={Valley incision by debris flows: Evidence of a topographic signature},
  author={Stock, J and Dietrich, William E},
  journal={Water Resources Research},
  volume={39},
  number={4},
  year={2003},
  publisher={Wiley Online Library}
}

@article{reichenbach2018,
  title={A review of statistically-based landslide susceptibility models},
  author={Reichenbach, Paola and Rossi, Mauro and Malamud, Bruce D and Mihir, Monika and Guzzetti, Fausto},
  journal={Earth-science reviews},
  volume={180},
  pages={60--91},
  year={2018},
  publisher={Elsevier}
}

@article{soeters1996,
  title={Slope instability recognition, analysis and zonation},
  author={Soeters, Robert and Van Westen, CJ},
  journal={Landslides: investigation and mitigation},
  volume={247},
  pages={129--177},
  year={1996},
  publisher={National Academy Press Washington, DC}
}

@article{montgomery1994,
  title={A physically based model for the topographic control on shallow landsliding},
  author={David R Montgomery and William E Dietrich},
  journal={Water resources research},
  volume={30},
  number={4},
  pages={1153--1171},
  year={1994},
  publisher={Wiley Online Library}
}

@article{gasparini2014,
  title={Diagnosing climatic and tectonic controls on topography: Eastern flank of the northern Bolivian Andes},
  author={Gasparini, Nicole M and Whipple, Kelin X},
  journal={Lithosphere},
  volume={6},
  number={4},
  pages={230--250},
  year={2014},
  publisher={Geological Society of America}
}

@article{yanites2018,
  title={Landslides control the spatial and temporal variation of channel width in southern Taiwan: Implications for landscape evolution and cascading hazards in steep, tectonically active landscapes},
  author={Yanites, Brian J and Mitchell, Nate A and Bregy, Joshua C and Carlson, Grace A and Cataldo, Kirstyn and Holahan, Margaret and Johnston, Graham H and Nelson, Amelia and Valenza, Jeffery and Wanker, Matthew},
  journal={Earth Surface Processes and Landforms},
  volume={43},
  number={9},
  pages={1782--1797},
  year={2018},
  publisher={Wiley Online Library}
}

@article{Flint1974,
  title={Stream gradient as a function of order, magnitude, and discharge},
  author={Flint, Jean-Jacques},
  journal={Water Resources Research},
  volume={10},
  number={5},
  pages={969--973},
  year={1974},
  publisher={Wiley Online Library}
}

@article{Lague2014,
  title={The stream power river incision model: evidence, theory and beyond},
  author={Lague, Dimitri},
  journal={Earth Surface Processes and Landforms},
  volume={39},
  number={1},
  pages={38--61},
  year={2014},
  publisher={Wiley Online Library}
}

@article{Glade2005,
  title={Linking debris-flow hazard assessments with geomorphology},
  author={Glade, Thomas},
  journal={Geomorphology},
  volume={66},
  number={1-4},
  pages={189--213},
  year={2005},
  publisher={Elsevier}
}

@article{Gares1994,
  title={Geomorphology and natural hazards},
  author={Gares, Paul A and Sherman, Douglas J and Nordstrom, Karl F},
  journal={Geomorphology},
  volume={10},
  pages={1-18},
  year={1994},
  publisher={Elsevier}
}

@article{Willett2014,
  title={Dynamic reorganization of river basins},
  author={Willett, Sean D and McCoy, Scott W and Perron, J Taylor and Goren, Liran and Chen, Chia-Yu},
  journal={Science},
  volume={343},
  number={6175},
  pages={1248765},
  year={2014},
  publisher={American Association for the Advancement of Science}
}

@article{Cerd2021,
  title={The Human Cost of Disasters: An Overview of the Last 20 Years (2000–2019).},
  author={Centre for Research on the Epidemiology of Disasters (CERD) and United Nations Office for Disaster Risk Reduction (UNDRR)},
  journal={Available online: https://www.undrr.org/media/48008/download (accessed on 18 October 2021)},
  volume={},
  number={},
  pages={},
  year={2021},
  publisher={}
}

@article{Cediel2003,
  title={Tectonic assembly of the northern Andean block},
  author={Cediel, Fabio and Shaw, Robert P and Cceres, Carlos},
  year={2003},
  journal={AAPG Special Volumes}
}

@article{Poveda2011,
  title={Hydro-climatic variability over the Andes of Colombia associated with ENSO: a review of climatic processes and their impact on one of the Earth’s most important biodiversity hotspots},
  author={Poveda, Germ{\'a}n and Alvarez, Diana M and Rueda, Oscar A},
  journal={Climate Dynamics},
  volume={36},
  pages={2233--2249},
  year={2011},
  publisher={Springer}
}

@book{Edenhofer2015,
  title={Climate change 2014: mitigation of climate change},
  author={Edenhofer, Ottmar},
  volume={3},
  year={2015},
  publisher={Cambridge University Press}
}

@book{Oecd2014,
  title={Climate Resilience in Development Planning: Experiences in Colombia and Ethiopia},
  author={OECD},
  year={2014},
  publisher={OECD Publishing}
}

@article{Forte2018,
  title={Criteria and tools for determining drainage divide stability},
  author={Forte, Adam M and Whipple, Kelin X},
  journal={Earth and Planetary Science Letters},
  volume={493},
  pages={102--117},
  year={2018},
  publisher={Elsevier}
}


@article{Taboada2000,
  title={Geodynamics of the northern Andes: Subductions and intracontinental deformation (Colombia)},
  author={Taboada, Alfredo and Rivera, Luis A and Fuenzalida, Andr{\'e}s and Cisternas, Armando and Philip, Herv{\'e} and Bijwaard, Harmen and Olaya, Jos{\'e} and Rivera, Clara},
  journal={Tectonics},
  volume={19},
  number={5},
  pages={787--813},
  year={2000},
  publisher={Wiley Online Library}
}

@book{Anderson2011,
  title={Tectonic Geomorphology},
  author={Anderson, Robert S and Burbank, Douglas W},
  year={2011},
  publisher={John Wiley \& Sons}
}

@article{Jackson1996,
  title={The structural evolution of active fault and fold systems in central Otago, New Zealand: evidence revealed by drainage patterns},
  author={Jackson, James and Norris, Richard and Youngson, John},
  journal={Journal of Structural Geology},
  volume={18},
  number={2-3},
  pages={217--234},
  year={1996},
  publisher={Elsevier}
}

@book{Hack1957,
  title={Studies of longitudinal stream profiles in Virginia and Maryland},
  author={Hack, John Tilton},
  volume={294},
  year={1957},
  publisher={US Government Printing Office}
}

@article{Kirby2003,
  title={Distribution of active rock uplift along the eastern margin of the Tibetan Plateau: Inferences from bedrock channel longitudinal profiles},
  author={Kirby, Eric and Whipple, Kelin X and Tang, Wenqing and Chen, Zhiliang},
  journal={Journal of Geophysical Research: Solid Earth},
  volume={108},
  number={B4},
  year={2003},
  publisher={Wiley Online Library}
}

@article{Bigi2006,
   author = {Alessandro Bigi and Leslie E. Hasbargen and Alberto Montanari and Chris Paola},
   doi = {10.1130/2006.2398(18)},
   issn = {00721077},
   journal = {Special Paper of the Geological Society of America},
   keywords = {Evolution,Hillslope failure,Knickpoints,Landslide triggering},
   pages = {295-307},
   publisher = {Geological Society of America},
   title = {Knickpoints and hillslope failures: Interactions in a steady-state experimental landscape},
   volume = {398},
   year = {2006},
}

@article{poveda2000,
  title={On the existence of Llor{\'o} (the rainiest locality on Earth): Enhanced ocean-land-atmosphere interaction by a low-level jet},
  author={Poveda, Germ{\'a}n and Mesa, Oscar J},
  journal={Geophysical research letters},
  volume={27},
  number={11},
  pages={1675--1678},
  year={2000},
  publisher={Wiley Online Library}
}

@article{bedoya2019,
  title={Seasonal shift of the diurnal cycle of rainfall over Medellin's valley, Central Andes of Colombia (1998--2005)},
  author={Bedoya-Soto, Juan Mauricio and Aristiz{\'a}bal, Edier and Carmona, Alejandra M and Poveda, Germ{\'a}n},
  journal={Frontiers in Earth Science},
  volume={7},
  pages={92},
  year={2019},
  publisher={Frontiers Media SA}
}

@article{ego1995,
  title={Is the Cauca-Patia and Romeral Fault System left or rightlateral?},
  author={Ego, F and S{\'e}brier, M and Yepes, H},
  journal={Geophysical Research Letters},
  volume={22},
  number={1},
  pages={33--36},
  year={1995},
  publisher={Wiley Online Library}
}

@article{Gallen2011,
   author = {Sean F. Gallen and Karl W. Wegmann and Kurt L. Franke and Stephen Hughes and Robert Q. Lewis and Nathan Lyons and Paul Paris and Kristen Ross and Jennifer B. Bauer and Anne C. Witt},
   doi = {10.1002/esp.2150},
   issn = {01979337},
   issue = {9},
   journal = {Earth Surface Processes and Landforms},
   keywords = {Channel-Hillslope coupling,Knickpoint migration,Post-Orogenic landscape evolution,Southern appalachians,Transient phenomena},
   month = {7},
   pages = {1254-1267},
   title = {Hillslope response to knickpoint migration in the Southern Appalachians: Implications for the evolution of post-orogenic landscapes},
   volume = {36},
   year = {2011},
}

@article{Benda1997,
   author = {Lee Benda and Thomas Dunne},
   doi = {10.1029/97WR02388},
   issn = {00431397},
   issue = {12},
   journal = {Water Resources Research},
   pages = {2849-2863},
   publisher = {Blackwell Publishing Ltd},
   title = {Stochastic forcing of sediment supply to channel networks from landsliding and debris flow},
   volume = {33},
   year = {1997},
}

@article{Larsen2012,
   author = {Isaac J. Larsen and David R. Montgomery},
   doi = {10.1038/ngeo1479},
   issn = {17520894},
   issue = {7},
   journal = {Nature Geoscience},
   month = {7},
   pages = {468-473},
   title = {Landslide erosion coupled to tectonics and river incision},
   volume = {5},
   year = {2012},
}

@article{korup2010,
  title={The role of landslides in mountain range evolution},
  author={Korup, Oliver and Densmore, Alexander L and Schlunegger, Fritz},
  journal={Geomorphology},
  volume={120},
  number={1-2},
  pages={77--90},
  year={2010},
  publisher={Elsevier}
}

@article{Montgomery2002,
   author = {David R Montgomery and Mark T Brandon},
   doi = {10.1016/S0012-821X(02)00725-2},
   issn = {0012821X},
   issue = {3-4},
   journal = {Earth and Planetary Science Letters},
   keywords = {Erosion,Mountains,Relief,Slopes,Tectonics},
   pages = {481-489},
   title = {Topographic controls on erosion rates in tectonically active mountain ranges},
   volume = {201},
   year = {2002},
}

@article{Egholm2013,
   author = {David L. Egholm and Mads F. Knudsen and Mike Sandiford},
   doi = {10.1038/nature12218},
   issn = {00280836},
   issue = {7455},
   journal = {Nature},
   pages = {475-478},
   title = {Lifespan of mountain ranges scaled by feedbacks between landsliding and erosion by rivers},
   volume = {498},
   year = {2013},
}

@article{Campforts2020,
   author = {Benjamin Campforts and Charles M Shobe and Philippe Steer and Matthias Vanmaercke and Dimitri Lague},
   pages = {3863-3886},
   title = {HyLands 1 . 0 : a hybrid landscape evolution model to simulate the impact of landslides and landslide-derived sediment on landscape evolution},
   year = {2020},
}

@article{Campforts2022,
   author = {Benjamin Campforts and Charles M. Shobe and Irina Overeem and Gregory E. Tucker},
   doi = {10.1029/2022JF006745},
   issn = {2169-9003},
   issue = {8},
   journal = {Journal of Geophysical Research: Earth Surface},
   month = {8},
   title = {The Art of Landslides: How Stochastic Mass Wasting Shapes Topography and Influences Landscape Dynamics},
   volume = {127},
   url = {https://onlinelibrary.wiley.com/doi/10.1029/2022JF006745},
   year = {2022},
}

@article{Broeckx2020,
   author = {Jente Broeckx and Mauro Rossi and Kobe Lijnen and Benjamin Campforts and Jean Poesen and Matthias Vanmaercke},
   doi = {10.1016/j.earscirev.2019.102972},
   issn = {00128252},
   journal = {Earth-Science Reviews},
   keywords = {Empirical model,Global dataset,Landslide mobilization,Lithology,Local relief,Mass movement,Sediment yield,Seismicity},
   month = {2},
   publisher = {Elsevier B.V.},
   title = {Landslide mobilization rates: A global analysis and model},
   volume = {201},
   year = {2020},
}


@article{Whipple2002,
   author = {Kelin X. Whipple},
   doi = {10.1029/2000jb000044},
   issn = {0148-0227},
   issue = {B2},
   journal = {Journal of Geophysical Research},
   keywords = {http://dx.doi.org/10.1029/2000JB000044, doi:10.102},
   title = {Implications of sediment-flux-dependent river incision models for landscape evolution},
   volume = {107},
   year = {2002},
}

@article{Gasparini2007,
   author = {Nicole M. Gasparini and K. X. Whipple and R. L. Bras},
   doi = {10.1029/2006JF000567},
   issn = {21699011},
   issue = {3},
   journal = {Journal of Geophysical Research: Earth Surface},
   month = {9},
   publisher = {Blackwell Publishing Ltd},
   title = {Predictions of steady state and transient landscape morphology using sediment-flux-dependent river incision models},
   volume = {112},
   year = {2007},
}

@article{Hergarten2021,
   author = {Stefan Hergarten},
   doi = {10.1029/2021JF006218},
   issn = {21699011},
   issue = {12},
   journal = {Journal of Geophysical Research: Earth Surface},
   keywords = {knickpoint,river profile,sediment transport},
   month = {12},
   publisher = {John Wiley and Sons Inc},
   title = {The Influence of Sediment Transport on Stationary and Mobile Knickpoints in River Profiles},
   volume = {126},
   year = {2021},
}

@article{Noriega2020,
   author = {S. Noriega-Londoño and S. A. Restrepo-Moreno and C. Vinasco and M. A. Bermúdez and K. Min},
   doi = {10.1016/j.geomorph.2019.106890},
   issn = {0169555X},
   journal = {Geomorphology},
   keywords = {Antioqueño,Cauca River canyon,Espíritu,Exhumation,Landscape evolution,Plateau,Santo fault,Thermochronology},
   title = {Thermochronologic and geomorphometric constraints on the Cenozoic landscape evolution of the Northern Andes: Northwestern Central Cordillera, Colombia},
   volume = {351},
   year = {2020},
}

@article{cardona2012arc,
  title={From arc-continent collision to continuous convergence, clues from Paleogene conglomerates along the southern Caribbean--South America plate boundary},
  author={Cardona, A and Montes, C and Ayala, C and Bustamante, C and Hoyos, N and Montenegro, O and Ojeda, C and Ni{\~n}o, H and Ramirez, V and Valencia, V and others},
  journal={Tectonophysics},
  volume={580},
  pages={58--87},
  year={2012},
  publisher={Elsevier}
}

@article{Kirby2012,
   author = {Eric Kirby and Kelin X. Whipple},
   doi = {10.1016/j.jsg.2012.07.009},
   issn = {01918141},
   journal = {Journal of Structural Geology},
   keywords = {Active tectonics,Neotectonics,River profiles,Tectonic geomorphology},
   pages = {54-75},
   publisher = {Elsevier Ltd},
   title = {Expression of active tectonics in erosional landscapes},
   volume = {44},
   url = {http://dx.doi.org/10.1016/j.jsg.2012.07.009},
   year = {2012},
}

@article{Schwanghart_2014,
title = {{TopoToolbox} 2 – {MATLAB}-based software for topographic analysis and modeling in {Earth} surface sciences},
volume = {2},
doi = {10.5194/esurf-2-1-2014},
journal = {Earth Surface Dynamics},
author = {Schwanghart, W. and Scherler, D.},
year = {2014},
pages = {1--7}
}

@article{Strahler1952,
title = {{Hypsometric (area-altitude) analysis of erosional topography}},
year = {1952},
journal = {Bulletin of the Geological Society of America},
author = {Strahler, Arthur N},
number = {11},
pages = {1117--1142},
volume = {63},
doi = {10.1130/0016-7606(1952)63[1117:HAAOET]2.0.CO;2}
}

@article{korup2007,
  title={Bedrock landsliding, river incision, and transience of geomorphic hillslope-channel coupling: Evidence from inner gorges in the Swiss Alps},
  author={Korup, Oliver and Schlunegger, Fritz},
  journal={Journal of Geophysical Research: Earth Surface},
  volume={112},
  number={F3},
  year={2007},
  publisher={Wiley Online Library}
}

@article{moore1991,
  title={Digital terrain modelling: a review of hydrological, geomorphological, and biological applications},
  author={Moore, Ian Donald and Grayson, RB and Ladson, AR},
  journal={Hydrological processes},
  volume={5},
  number={1},
  pages={3--30},
  year={1991},
  publisher={Wiley Online Library}
}

@incollection{bull1980,
  title={Tectonic geomorphology north and south of the Garlock fault, California},
  author={Bull, William B and McFadden, Leslie D},
  booktitle={Geomorphology in arid regions},
  pages={115--138},
  year={2020},
  publisher={Routledge}
}

@article{cendrero1996,
  title={The contribution of landslides to landscape evolution in Europe},
  author={Cendrero, Antonio and Dramis, Francesco},
  journal={Geomorphology},
  volume={15},
  number={3-4},
  pages={191--211},
  year={1996},
  publisher={Elsevier}
}

@article{roering2015,
  title={Beyond the angle of repose: A review and synthesis of landslide processes in response to rapid uplift, Eel River, Northern California},
  author={Roering, Joshua J and Mackey, Benjamin H and Handwerger, Alexander L and Booth, Adam M and Schmidt, David A and Bennett, Georgina L and Cerovski-Darriau, Corina},
  journal={Geomorphology},
  volume={236},
  pages={109--131},
  year={2015},
  publisher={Elsevier}
}

@article{tsou2017,
author = {Ching Ying Tsou and Masahiro Chigira and Yuki Matsushi and Narumi Hiraishi and Noriyuki Arai},
doi = {10.1007/s10346-017-0838-3},
issn = {16125118},
issue = {6},
journal = {Landslides},
keywords = {Deep-seated gravitational slope deformation,Landscape evolution,Landslide,River incision},
month = {12},
pages = {1901-1914},
publisher = {Springer Verlag},
title = {Coupling fluvial processes and landslide distribution toward geomorphological hazard assessment: a case study in a transient landscape in Japan},
volume = {14},
year = {2017},
}

@article{lindasy2014,
author = {Lindsay, JB.},
doi = {10.13140/RG.2.1.1010.8962},
issn = {},
issue = {},
journal = {Proceedings of the GIS Research UK 22nd Annual Conference},
keywords = {},
month = {},
pages = {},
publisher = {The University of Glasgow, 16-18 April},
title = {The Whitebox Geospatial Analysis Tools project and open-access GIS.},
volume = {},
year = {2014},
}

@article{matos2016,
title = {Landscape response to recent tectonic deformation in the SW Pannonian Basin: Evidence from DEM-based morphometric analysis of the Bilogora Mt. area, NE Croatia},
journal = {Geomorphology},
volume = {263},
pages = {132-155},
year = {2016},
issn = {0169-555X},
doi = {https://doi.org/10.1016/j.geomorph.2016.03.020},
url = {https://www.sciencedirect.com/science/article/pii/S0169555X16301131},
author = {Bojan Matoš and José Vicente Pérez-Peña and Bruno Tomljenović},
}

@article{brush1960,
title = {Knickpoint behaviour in noncohesive material-A labortory tudy},
journal = {Geological Society of America Bulletin},
volume = {71},
pages = {59-73},
year = {1960},
issn = {},
doi = {},
url = {},
author = {L.M Brush and G. Wolman},
}

@article{burbank1996,
  title={Bedrock incision, rock uplift and threshold hillslopes in the northwestern Himalayas},
  author={Burbank, Douglas W and Leland, John and Fielding, Eric and Anderson, Robert S and Brozovic, Nicholas and Reid, Mary R and Duncan, Christopher},
  journal={Nature},
  volume={379},
  number={6565},
  pages={505--510},
  year={1996},
  publisher={Nature Publishing Group UK London}
}

@article{pratt2004,
  title={Landscape disequilibrium on 1000--10,000 year scales Marsyandi River, Nepal, central Himalaya},
  author={Pratt-Sitaula, Beth and Burbank, Douglas W and Heimsath, Arjun and Ojha, Tank},
  journal={Geomorphology},
  volume={58},
  number={1-4},
  pages={223--241},
  year={2004},
  publisher={Elsevier}
}

@article{scheidegger1998,
  title={Tectonic predesign of mass movements, with examples from the Chinese Himalaya},
  author={Adrian E Scheidegger},
  journal={Geomorphology},
  volume={26},
  number={1-3},
  pages={37--46},
  year={1998},
  publisher={Elsevier}
}

@article{aristizabal2016,
  title={SHIA\_Landslide: a distributed conceptual and physically based model to forecast the temporal and spatial occurrence of shallow landslides triggered by rainfall in tropical and mountainous basins},
  author={Aristiz{\'a}bal, Edier and V{\'e}lez, Jaime Ignacio and Mart{\'\i}nez, Hern{\'a}n Eduardo and Jaboyedoff, Michel},
  journal={Landslides},
  volume={13},
  pages={497--517},
  year={2016},
  publisher={Springer}
}

@article{montgomery1994,
  title={A physically based model for the topographic control on shallow landsliding},
  author={David R Montgomery and William E Dietrich},
  journal={Water resources research},
  volume={30},
  number={4},
  pages={1153--1171},
  year={1994},
  publisher={Wiley Online Library}
}

@article{hasbargen2000,
  title={Landscape instability in an experimental drainage basin},
  author={Leslie E Hasbargen and Paola Chris},
  journal={Geology},
  volume={28},
  number={12},
  pages={1067--1070},
  year={2000},
  publisher={Geological Society of America}
}

@book{gilbert1877,
  title={Report on the Geology of the Henry Mountains},
  author={Gilbert, Grove Karl},
  year={1877},
  publisher={US Government Printing Office}
}

@article{hovius1997,
  title={Sediment flux from a mountain belt derived by landslide mapping},
  author={Hovius, Niels and Stark, Colin P and Allen, Philip A},
  journal={Geology},
  volume={25},
  number={3},
  pages={231--234},
  year={1997},
  publisher={Geological Society of America}
}

@inproceedings{hovius2006,
  title={Landslide-driven erosion and topographic evolution of active mountain belts},
  author={Hovius, Niels and Stark, CP},
  booktitle={Landslides from massive rock slope failure},
  pages={573--590},
  year={2006},
  organization={Springer}
}

@article{perez-pena2009,
    title = {{CalHypso: An ArcGIS extension to calculate hypsometric curves and their statistical moments. Applications to drainage basin analysis in SE Spain}},
    year = {2009},
    journal = {Computers and Geosciences},
    author = {P{\'{e}}rez-Pe{\~{n}}a, J V and Aza{\~{n}}{\'{o}}n, J M and Azor, A},
    number = {6},
    pages = {1214--1223},
    volume = {35},
    doi = {10.1016/j.cageo.2008.06.006},
    keywords = {Active tectonics, Betic Cordillera, GIS extension, Hypsometric curve, Sierra Nevada}
}

@article{breiman2001,
  title={Random forests machine learning [J]},
  author={Breiman, Leo and Cutler, RA},
  journal={journal of clinical microbiology},
  volume={2},
  pages={199--228},
  year={2001}
}

@inproceedings{kriegler1969,
  title={Preprocessing transformations and their effects on multspectral recognition},
  author={Kriegler, FJ},
  booktitle={Proceedings of the Sixth International Symposium on Remote Sesning of Environment},
  pages={97--131},
  year={1969}
}

@article{zha2003,
  title={Use of normalized difference built-up index in automatically mapping urban areas from TM imagery},
  author={Zha, Yong and Gao, Jay and Ni, Shaoxiang},
  journal={International journal of remote sensing},
  volume={24},
  number={3},
  pages={583--594},
  year={2003},
  publisher={Taylor \& Francis}
}

@article{xu2006,
  title={Modification of normalised difference water index (NDWI) to enhance open water features in remotely sensed imagery},
  author={Xu, Hanqiu},
  journal={International journal of remote sensing},
  volume={27},
  number={14},
  pages={3025--3033},
  year={2006},
  publisher={Taylor \& Francis}
}

@article{li2014,
  title={A new bare-soil index for rapid mapping developing areas using landsat 8 data},
  author={Li, Sufen and Chen, X},
  journal={The international archives of the photogrammetry, remote sensing and spatial information sciences},
  volume={40},
  pages={139--144},
  year={2014},
  publisher={Copernicus GmbH}
}

@article{funk2015,
  title={The climate hazards infrared precipitation with stations—a new environmental record for monitoring extremes},
  author={Funk, Chris and Peterson, Pete and Landsfeld, Martin and Pedreros, Diego and Verdin, James and Shukla, Shraddhanand and Husak, Gregory and Rowland, James and Harrison, Laura and Hoell, Andrew and others},
  journal={Scientific data},
  volume={2},
  number={1},
  pages={1--21},
  year={2015},
  publisher={Nature Publishing Group}
}

@techreport{SGC2020,
author = {Jorge Gomez and Nohora Montes},
institution = {Servicio Geologico de Colombia},
title = {Mapa Geológico de Colombia Escala 1:1.000.000},
year = {2020},
pages = {2},
city = {Bogotá D.C.},
}

@article{farr2007,
  title={The shuttle radar topography mission},
  author={Farr, Tom G and Rosen, Paul A and Caro, Edward and Crippen, Robert and Duren, Riley and Hensley, Scott and Kobrick, Michael and Paller, Mimi and Rodriguez, Ernesto and Roth, Ladislav and others},
  journal={Reviews of geophysics},
  volume={45},
  number={2},
  year={2007},
  publisher={Wiley Online Library}
}

@inproceedings{logan2014,
  title={Radiometrically terrain corrected ALOS PALSAR Data available from the Alaska Satellite Facility},
  author={Logan, Thomas Andrew and Nicoll, J and Laurencelle, J and Hogenson, Kirk and Gens, Rudiger and Buechler, Brian and Barton, Ben and Shreve, William and Stern, Timothy and Drew, Lisa and others},
  booktitle={AGU Fall Meeting Abstracts},
  volume={2014},
  pages={IN33B--3762},
  year={2014}
}

@article{xiong2022,
  title={Geomorphometry and terrain analysis: Data, methods, platforms and applications},
  author={Xiong, Liyang and Li, Sijin and Tang, Guoan and Strobl, Josef},
  journal={Earth-Science Reviews},
  pages={104191},
  year={2022},
  publisher={Elsevier}
}

@inproceedings{moore2011,
  title={Google Earth Engine: a new cloud-computing platform for global-scale earth observation data and analysis},
  author={Moore, RT and Hansen, MC},
  booktitle={AGU Fall Meeting Abstracts},
  volume={2011},
  pages={IN43C--02},
  year={2011}
}

@article{farris2011,
  title={Fracturing of the Panamanian Isthmus during initial collision with South America},
  author={Farris, David W and Jaramillo, Carlos and Bayona, German and Restrepo-Moreno, Sergio A and Montes, Camilo and Cardona, Agustin and Mora, Andres and Speakman, Robert J and Glascock, Michael D and Valencia, Victor},
  journal={Geology},
  volume={39},
  number={11},
  pages={1007--1010},
  year={2011},
  publisher={Geological Society of America}
}

@article{restrepo2019,
  title={Morphotectonic and orogenic development of the Northern Andes of Colombia: A low-temperature thermochronology perspective},
  author={Restrepo-Moreno, Sergio A and Foster, David A and Bernet, Matthias and Min, Kyoungwon and Noriega, Santiago},
  journal={Geology and Tectonics of Northwestern South America: The Pacific-Caribbean-Andean Junction},
  pages={749--832},
  year={2019},
  publisher={Springer}
}

@article{acosta2007,
  title={Strike-slip deformation within the Colombian Andes},
  author={Acosta, Jorge and Velandia, Francisco and Osorio, Jairo and Lonergan, Lidia and Mora, H{\'e}ctor},
  journal={Geological Society, London, Special Publications},
  volume={272},
  number={1},
  pages={303--319},
  year={2007},
  publisher={The Geological Society of London}
}

@article{duque1990,
  title={The Choco Block in the northwestern corner of South America: Structural, tectonostratigraphic, and paleogeographic implications},
  author={Duque-Caro, H},
  journal={Journal of South American Earth Sciences},
  volume={3},
  number={1},
  pages={71--84},
  year={1990},
  publisher={Elsevier}
}

@article{kellogg1995,
  title={Tectonic development of Panama, Costa Rica, and the Colombian Andes: constraints from global positioning system geodetic studies and gravity},
  author={Kellogg, James N and Vega, Victor and Stallings, TC and Aiken, Carlos LV},
  journal={Special Papers-Geological Society of America},
  pages={75--75},
  year={1995},
  publisher={GEOLOGICAL SOCIETY OF AMERICA, INC}
}

@article{trenkamp2002,
    title = {{Wide plate margin deformation, southern Central America and northwestern South America, CASA GPS observations}},
    year = {2002},
    journal = {Journal of South American Earth Sciences},
    author = {Trenkamp, Robert and Kellogg, James N and Freymueller, Jeffrey T and Mora, Hector P},
    number = {2},
    pages = {157--171},
    volume = {15},
    doi = {10.1016/S0895-9811(02)00018-4},
    keywords = {Arc continent collision, Caribbean, Earthquake strain, GPS, North Andes, Oblique subduction}
}

@article{mann1990,
  title={Model for late Neogene deformation in Panama},
  author={Mann, Paul and Corrigan, Jeff},
  journal={Geology},
  volume={18},
  number={6},
  pages={558--562},
  year={1990},
  publisher={Geological Society of America}
}

@article{feininger1970,
  title={The Palestina Fault, Colombia},
  author={Feininger, Tomas},
  journal={Geological Society of America Bulletin},
  volume={81},
  number={4},
  pages={1201--1216},
  year={1970},
  publisher={GEOLOGICAL SOCIETY OF AMERICA}
}

@book{page1986,
  title={Seismic geology and seismicity of northwestern Colombia},
  author={Page, William D},
  year={1986},
  publisher={woodward-clyde consultants}
}

@article{perez2021,
  title={Neogene variations in slab geometry drive topographic change and drainage reorganization in the Northern Andes of Colombia},
  author={P{\'e}rez-Consuegra, Nicol{\'a}s and Ott, Richard F and Hoke, Gregory D and Galve, Jorge P and P{\'e}rez-Pe{\~n}a, Vicente and Mora, Andr{\'e}s},
  journal={Global and Planetary Change},
  volume={206},
  pages={103641},
  year={2021},
  publisher={Elsevier}
}

@article{thorndike1953,
  title={Who belongs in the family?},
  author={Thorndike, Robert L},
  journal={Psychometrika},
  volume={18},
  number={4},
  pages={267--276},
  year={1953},
  publisher={Springer}
}

@article{ingeominas2005,
  title={147 Medell{\'\i}n Oriental},
  author={INGEOMINAS, Geolog{\'\i}a de la Plancha},
  journal={Explicaci{\'o}n del mapa geol{\'o}gico (escala 1: 50.000). Medell{\'\i}n},
  year={2005}
}

@article{espurt2008,
  title={Flat subduction dynamics and deformation of the South American plate: Insights from analog modeling},
  author={Espurt, Nicolas and Funiciello, Francesca and Martinod, Joseph and Guillaume, Benjamin and Regard, Vincent and Faccenna, Claudio and Brusset, St{\'e}phane},
  journal={Tectonics},
  volume={27},
  number={3},
  year={2008},
  publisher={Wiley Online Library}
}

@article{schuster2018,
  title={Landslide triggers and types},
  author={Schuster, Robert L and Wieczorek, Gerald F},
  journal={Landslides},
  pages={59--78},
  year={2018},
  publisher={Routledge London, UK}
}

@article{aristizabal2008,
  title={Evoluci{\'o}n geomorfol{\'o}gica del Valle de Aburr{\'a} y sus implicaciones en la ocurrencia de movimientos en masa},
  author={Aristiz{\'a}bal, Edier and Yokota, Shuichiro},
  journal={Bolet{\'\i}n de Ciencias de la Tierra},
  number={24},
  pages={05--18},
  year={2008},
  publisher={Facultad de Minas, Universidad Nacional de Colombia}
}

@article{aristizabal2020,
  title={Spatial and temporal patterns and the socioeconomic impacts of landslides in the tropical and mountainous Colombian Andes},
  author={Aristiz{\'a}bal, Edier and S{\'a}nchez, Oscar},
  journal={Disasters},
  volume={44},
  number={3},
  pages={596--618},
  year={2020},
  publisher={Wiley Online Library}
}

@article{scikit-learn2011,
  title={Scikit-learn: Machine Learning in {P}ython},
  author={Pedregosa, F. and Varoquaux, G. and Gramfort, A. and Michel, V.
          and Thirion, B. and Grisel, O. and Blondel, M. and Prettenhofer, P.
          and Weiss, R. and Dubourg, V. and Vanderplas, J. and Passos, A. and
          Cournapeau, D. and Brucher, M. and Perrot, M. and Duchesnay, E.},
  journal={Journal of Machine Learning Research},
  volume={12},
  pages={2825--2830},
  year={2011}
}

@article{rousseeuw1987,
  title={Silhouettes: a graphical aid to the interpretation and validation of cluster analysis},
  author={Rousseeuw, Peter J},
  journal={Journal of computational and applied mathematics},
  volume={20},
  pages={53--65},
  year={1987},
  publisher={Elsevier}
}

@incollection{kellogg2019,
  title={Cenozoic tectonic evolution of the North Andes with constraints from volcanic ages, seismic reflection, and satellite geodesy},
  author={Kellogg, James N and Camelio, Gabriela Beatriz Franco and Mora-P{\'a}ez, H{\'e}ctor},
  booktitle={Andean tectonics},
  pages={69--102},
  year={2019},
  publisher={Elsevier}
}

@article{egbue2010,
  title={Pleistocene to present North Andean “escape”},
  author={Egbue, Obi and Kellogg, James},
  journal={Tectonophysics},
  volume={489},
  number={1-4},
  pages={248--257},
  year={2010},
  publisher={Elsevier}
}

@article{mora2010,
  title={Migration of Cenozoic deformation in the Eastern Cordillera of Colombia interpreted from fission track results and structural relationships: Implications for petroleum systems},
  author={Mora, Andr{\'e}s and Horton, Brian K and Mesa, Andrés and Rubiano, Jorge and Ketcham, Richard A and Parra, Mauricio and Blanco, Vladimir and Garcia, Diego and Stockli, Daniel F},
  journal={AAPG bulletin},
  volume={94},
  number={10},
  pages={1543--1580},
  year={2010},
  publisher={GeoScienceWorld}
}

@article{keller1989,
  title={Late Neogene history of the Pacific-Caribbean gateway},
  author={Keller, Gerta and Zenker, CE and Stone, SM},
  journal={Journal of South American Earth Sciences},
  volume={2},
  number={1},
  pages={73--108},
  year={1989},
  publisher={Elsevier}
}

@article{arboleda2015,
  title={Miocene-Pliocene exhumation in the MIddle Cauca belt, Colombia},
  author={Mateo Arboleda and Maria Isabel Marin Ceron and Mauricio Bermudez},
  journal={MSc thesis},
  volume={},
  number={},
  pages={1-141},
  year={2015},
  publisher={Universifaf EAFIT}
}

@article{ott2023,
  title={Erosion rate maps highlight spatio-temporal patterns of uplift and quantify sediment export of the Northern Andes},
  author={Ott, Richard F and P{\'e}rez-Consuegra, Nicol{\'a}s and Scherler, Dirk and Mora, Andr{\'e}s and Huppert, Kimberly L and Braun, Jean and Hoke, Gregory D and Ruiz, Jose R Sandoval},
  journal={Earth and Planetary Science Letters},
  volume={621},
  pages={118354},
  year={2023},
  publisher={Elsevier}
}

@article{perez2022,
  title={Late Miocene--Pliocene onset of fluvial incision of the Cauca River Canyon in the Northern Andes},
  author={P{\'e}rez-Consuegra, N and Hoke, GD and Fitzgerald, P and Mora, A and Sobel, ER and Glodny, J},
  journal={Bulletin},
  volume={134},
  number={9-10},
  pages={2453--2468},
  year={2022},
  publisher={Geological Society of America}
}

@article{fiona2019,
    author = {Clubb, Fiona J. and Mudd, Simon M. and Hurst, Martin D. and Grieve, Stuart W.D.},
    title = "{Differences in channel and hillslope geometry record a migrating uplift wave at the Mendocino triple junction, California, USA}",
    journal = {Geology},
    volume = {48},
    number = {2},
    pages = {184-188},
    year = {2019},
    month = {12},
    issn = {0091-7613},
    doi = {10.1130/G46939.1},
    url = {https://doi.org/10.1130/G46939.1},
    eprint = {https://pubs.geoscienceworld.org/gsa/geology/article-pdf/48/2/184/4927153/184.pdf},
}

@article{tanyacs2018updated,
  title={An updated method for estimating landslide-event magnitude},
  author={Tanya{\c{s}}, Hakan and Allstadt, Kate E and van Westen, Cees J},
  journal={Earth surface processes and landforms},
  volume={43},
  number={9},
  pages={1836--1847},
  year={2018},
  publisher={Wiley Online Library}
}

@article{Arias1995,
    author = {Luis Alberto Arias},
    title = {El relieve de la zona dentral de Antioquia: un palimpsesto de eventos tectónicos y climáticos},
    journal = {Centro de Investigaciones Ambientales, Universidad de Antioquia, in spanish},
    volume = {},
    number = {10},
    pages = {9-24},
    year = {1995},
    doi = {},
}

@article{guzzetti2012landslide,
  title={Landslide inventory maps: New tools for an old problem},
  author={Guzzetti, Fausto and Mondini, Alessandro Cesare and Cardinali, Mauro and Fiorucci, Federica and Santangelo, Michele and Chang, Kang-Tsung},
  journal={Earth-Science Reviews},
  volume={112},
  number={1-2},
  pages={42--66},
  year={2012},
  publisher={Elsevier}
}

@article{froude2018global,
  title={Global fatal landslide occurrence from 2004 to 2016},
  author={Froude, Melanie J and Petley, David N},
  journal={Natural Hazards and Earth System Sciences},
  volume={18},
  number={8},
  pages={2161--2181},
  year={2018},
  publisher={Copernicus GmbH}
}

@article{aristizabal2020spatial,
  title={Spatial and temporal patterns and the socioeconomic impacts of landslides in the tropical and mountainous Colombian Andes},
  author={Aristiz{\'a}bal, Edier and S{\'a}nchez, Oscar},
  journal={Disasters},
  volume={44},
  number={3},
  pages={596--618},
  year={2020},
  publisher={Wiley Online Library}
}

@article{gomez2023spatial,
  title={Spatial and temporal landslide distributions using global and open landslide databases},
  author={G{\'o}mez, Derly and Garc{\'\i}a, Edwin F and Aristiz{\'a}bal, Edier},
  journal={Natural Hazards},
  volume={117},
  number={1},
  pages={25--55},
  year={2023},
  publisher={Springer}
}

@article{gomez2015explanatory,
  title={Explanatory notes: Geological map of Colombia},
  author={G{\'o}mez, J and Nivia, {\'A} and Montes, NE and Diederix, H and Almanza, MF and Alc{\'a}rcel, FA and Madrid, CA},
  journal={Compilando la geolog{\'\i}a de Colombia: Una visi{\'o}n a},
  pages={35--60},
  year={2015}
}

@article{aristizabal2005tropical,
  title={Tropical chemical weathering of hillslope deposits and bedrock source in the Aburr{\'a} Valley, northern Colombian Andes},
  author={Aristiz{\'a}bal, Edier and Roser, Barry and Yokota, Shuichiro},
  journal={Engineering Geology},
  volume={81},
  number={4},
  pages={389--406},
  year={2005},
  publisher={Elsevier}
}

@article{poveda2000existence,
  title={On the existence of Llor{\'o} (the rainiest locality on Earth): Enhanced ocean-land-atmosphere interaction by a low-level jet},
  author={Poveda, Germ{\'a}n and Mesa, Oscar J},
  journal={Geophysical research letters},
  volume={27},
  number={11},
  pages={1675--1678},
  year={2000},
  publisher={Wiley Online Library}
}